<?xml version="1.0" encoding="UTF-8"?><collection xmlns="http://www.loc.gov/MARC21/slim"><record><leader>00411nam--2200133-i-4500</leader><controlfield tag="001">000017724</controlfield><controlfield tag="002">20161230</controlfield><controlfield tag="005">20161230201032</controlfield><controlfield tag="008">060222s1000------------r-----000-0-eng-d</controlfield><datafield ind1=" " ind2=" " tag="100"><subfield code="a">Addison, C.C.And Sowerby, D.B</subfield></datafield><datafield ind1=" " ind2=" " tag="245"><subfield code="a">Main group elements. group v and vi. edited by ..</subfield></datafield><datafield ind1=" " ind2=" " tag="260"><subfield code="a">London, Butterworths, 1972 327 P</subfield></datafield><datafield ind1=" " ind2=" " tag="490"><subfield code="a">Inorganic Chemistry. Series One. Consultant Editor H.J.Emeleus</subfield></datafield><datafield ind1=" " ind2=" " tag="852"><subfield code="a">37578</subfield></datafield></record></collection>